%http://www.cs.uleth.ca/~benkoczi/OR/read/tsp-dantzig-fulkerson-johnson-54.pdf

@article{IB_GA,
title = "Intelligent bionic genetic algorithm (IB-GA) and its convergence ",
journal = "Expert Systems with Applications ",
volume = "38",
number = "7",
pages = "8804 - 8811",
year = "2011",
note = "",
issn = "0957-4174",
doi = "http://dx.doi.org/10.1016/j.eswa.2011.01.091",
url = "http://www.sciencedirect.com/science/article/pii/S0957417411001114",
author = "Fachao Li and Li Da Xu and Chenxia Jin and Hong Wang",
keywords = "Genetic algorithm",
keywords = "Real coding",
keywords = "Multi-reserved strategy",
keywords = "Weak arithmetic crossover",
keywords = "Compound mutation strategy",
keywords = "Markov chain "
}








@misc{geneticsWebsite,
author = {Adam Marczyk},
title = {Genetic Algorithms and Evolutionary Computation},
year = {2004},
howpublished = {Avaliable: \url{http://www.talkorigins.org/faqs/genalg/genalg.html}},
 note = {Accessed: [06 October 2015]}
}


@misc{milestonesWebsite,
author = {William Cook},
title = {Milestones in the Solution of TSP Instances},
year = {2015},
howpublished = {Avaliable: \url{http://www.math.uwaterloo.ca/tsp/history/milestone.html}},
 note = {Accessed: [29 November 2015]}
}

@misc{tspBackgroundWebsite,
author = {David P. Williamson},
title = {The Traveling Salesman Problem: An Overview},
year = {2014},
howpublished = {Avaliable: \url{http://people.orie.cornell.edu/dpw/talks/EbayJan2014.pdf}},
 note = {Accessed: [29 November 2015]}
}

@misc{tspMathWorld,
author = {Eric Weisstein},
title = {Traveling Salesman Problem},
year = {2014},
howpublished = {From MathWorld--A Wolfram Web Resource : \url{http://mathworld.wolfram.com/TravelingSalesmanProblem.html}},
 note = {Accessed: [01 December 2015]}
}

@article{ahmed2010genetic,
  title={Genetic algorithm for the traveling salesman problem using sequential constructive crossover operator},
  author={Ahmed, Zakir H},
  journal={International Journal of Biometrics \& Bioinformatics (IJBB)},
  volume={3},
  number={6},
  pages={96},
  year={2010}
}

@inproceedings{GARS,
 author = {Chen, Yang and Hu, Jinglu and Hirasawa, Kotaro and Yu, Songnian},
 title = {GARS: An Improved Genetic Algorithm with Reserve Selection for Global Optimization},
 booktitle = {Proceedings of the 9th Annual Conference on Genetic and Evolutionary Computation},
 series = {GECCO '07},
 year = {2007},
 isbn = {978-1-59593-697-4},
 location = {London, England},
 pages = {1173--1178},
 numpages = {6},
 url = {http://doi.acm.org/10.1145/1276958.1277188},
 doi = {10.1145/1276958.1277188},
 acmid = {1277188},
 publisher = {ACM},
 address = {New York, NY, USA},
 keywords = {building block hypothesis, evolutionary computation, genetic algorithms, population diversity, premature convergence, reserve selection}
} 

@inproceedings{chen2008solving,
  title={Solving deceptive problems using a genetic algorithm with reserve selection},
  author={Chen, Yang and Hu, Jinglu and Hirasawa, Kotaro and Yu, Songnian},
  booktitle={Evolutionary Computation, 2008. CEC 2008.(IEEE World Congress on Computational Intelligence). IEEE Congress on},
  pages={884--889},
  year={2008},
  organization={IEEE}
}

@article{abdoun2012analyzing,
  title={Analyzing the Performance of Mutation Operators to Solve the Travelling Salesman Problem},
  author={Abdoun, Otman and Abouchabaka, Jaafar and Tajani, Chakir},
  journal={arXiv preprint arXiv:1203.3099},
  year={2012}
}



@misc{mlPlot,
author = {Pascal Lehwark},
title = {MLPlot},
year = {2011},
howpublished = {Avaliable : \url{http://sourceforge.net/projects/mlplot/}},
 note = {Accessed: [01 December 2015]}
}

@book{MitchellBook,
 author = {Mitchell, Thomas M.},
 title = {Machine Learning},
 year = {1997},
 isbn = {0070428077, 9780070428072},
 edition = {1},
 publisher = {McGraw-Hill, Inc.},
 address = {New York, NY, USA},
}

@article{selectionMethods,
  title={Selection methods for genetic algorithms},
  author={Jebari, Khalid and Madiafi, Mohammed},
  journal={International Journal of Emerging Sciences},
  volume={3},
  number={4},
  year={2013}
}

@article{poli1998schema,
  title={Schema theory for genetic programming with one-point crossover and point mutation},
  author={Poli, Riccardo and Langdon, William B},
  journal={Evolutionary Computation},
  volume={6},
  number={3},
  pages={231--252},
  year={1998},
  publisher={MIT Press}
}

@inproceedings{Dantzig,
  title={Solution of a large scale traveling salesman problem},
  author={G.B.Dantzig, D.R.Fulkerson, S.M.Johnson},
  booktitle={Technical Report},
  pages={510},
  year={1954},
  organization={RAND Corporation, Santa Monica, California, USA}
}


%https://books.google.co.uk/books?hl=en&lr=&id=lI17AgAAQBAJ&oi=fnd&pg=PA101&dq=genetic+algorithm+rank+selection+baker+1985&ots=0Kn294S73A&sig=_fECaGvkwe2WC7QUfa7caZPIeP0#v=onepage&q&f=false
@inproceedings{baker1985adaptive,
  title={Adaptive selection methods for genetic algorithms},
  author={Baker, James Edward},
  booktitle={Proceedings of an International Conference on Genetic Algorithms and their applications},
  pages={101--111},
  year={1985},
  organization={Hillsdale, New Jersey}
}

%http://citeseerx.ist.psu.edu/viewdoc/download?doi=10.1.1.323.9947&rep=rep1&type=pdf
@article{mohebifar2006new,
  title={New binary representation in genetic algorithms for solving TSP by mapping permutations to a list of ordered numbers.},
  author={Mohebifar, Amin},
  journal={WSEAS Transactions on Computers Research},
  volume={1},
  number={2},
  pages={114--118},
  year={2006}
}

@incollection{swarmIntelligence,
year={2007},
isbn={978-3-540-74201-2},
booktitle={Advanced Intelligent Computing Theories and Applications. With Aspects of Artificial Intelligence},
volume={4682},
series={Lecture Notes in Computer Science},
editor={Huang, De-Shuang and Heutte, Laurent and Loog, Marco},
doi={10.1007/978-3-540-74205-0_85},
title={An Improved Swarm Intelligence Algorithm for Solving TSP Problem},
url={http://dx.doi.org/10.1007/978-3-540-74205-0_85},
publisher={Springer Berlin Heidelberg},
keywords={swarm intelligence algorithm; gene regulation; tsp},
author={Tao, Yong-Qin and Cui, Du-Wu and Miao, Xiang-Lin and Chen, Hao},
pages={813-822},
language={English}
}
